%%%% Intro 

@inproceedings{c1_1,
  title={A simple disturbance observer for stator flux linkage estimation of nonlinear synchronous machines},
  author={Monzen, Niklas and Pfeifer, Bernd and Hackl, Christoph M},
  booktitle={2023 IEEE 32nd International Symposium on Industrial Electronics (ISIE)},
  pages={1--6},
  year={2023},
  organization={IEEE}
}

@article{c1_2,
  title={Real-time optimal torque control of interior permanent magnet synchronous motors based on a numerical optimization technique},
  author={Choi, Kyunghwan and Kim, Yonghun and Kim, Kyung-Soo and Kim, Seok-Kyoon},
  journal={IEEE Transactions on Control Systems Technology},
  volume={29},
  number={4},
  pages={1815--1822},
  year={2020},
  publisher={IEEE}
}

@article{c1_3,
  author    = {D. Meike and M. Pellicciari and G. Berselli},
  title     = {Energy efficient use of multirobot production lines in the automotive industry: Detailed system modeling and optimization},
  journal   = {IEEE Transactions on Automation Science and Engineering},
  volume    = {11},
  number    = {3},
  pages     = {798--809},
  year      = {2014}
}

@article{c1_4,
  author    = {S. K. Kim},
  title     = {Proportional-type performance recovery DC-link voltage tracking algorithm for permanent magnet synchronous generators},
  journal   = {Energies},
  volume    = {10},
  number    = {9},
  pages     = {1387},
  year      = {2017}
}

@book{c1_5,
  author    = {J. F. Gieras},
  title     = {Permanent magnet motor technology: design and applications},
  publisher = {CRC Press},
  year      = {2009}
}

@inproceedings{c1_6,
  author    = {M. Kiuchi and T. Ohnishi and H. Hagiwara and Y. Yasuda},
  title     = {V/f control of permanent magnet synchronous motors suitable for home appliances by DC-link peak current control method},
  booktitle = {The 2010 International Power Electronics Conference-ECCE ASIA},
  year      = {2010},
  pages     = {567--573},
  publisher = {IEEE}
}

@article{c1_7,
  author    = {Lingyun Shao and et al.},
  title     = {Design approaches and control strategies for energy-efficient electric machines for electric vehiclesâ€”A review},
  journal   = {IEEE Access},
  volume    = {8},
  pages     = {116900--116913},
  year      = {2020}
}

@article{c1_8,
  author    = {K. Chau and C. C. Chan and C. Liu},
  title     = {Overview of permanent-magnet brushless drives for electric and hybrid electric vehicles},
  journal   = {IEEE Transactions on Industrial Electronics},
  volume    = {55},
  number    = {6},
  pages     = {2246--2257},
  year      = {2008}
}

@article{c1_9,
  author    = {Angela Navarro-Navarro and et al.},
  title     = {Application of transient analysis techniques to fault diagnosis in low-and medium-power synchronous machines},
  journal   = {Machines},
  volume    = {11},
  number    = {2},
  pages     = {288},
  year      = {2023}
}

@article{c1_10,
  author    = {T. Orlowska-Kowalska and M. Wolkiewicz and P. Pietrzak and M. Skowron and P. Ewert and G. Tarchala and M. Krzysztofiak and C. T. Kowalski},
  title     = {Fault Diagnosis and Fault-Tolerant Control of PMSM Drives-State of the Art and Future Challenges},
  journal   = {IEEE Access},
  volume    = {10},
  pages     = {59979--60024},
  year      = {2022}
}

@article{c1_11,
  author    = {B. M. Ebrahimi and J. Faiz},
  title     = {Feature extraction for short-circuit fault detection in permanent-magnet synchronous motors using stator-current monitoring},
  journal   = {IEEE Transactions on Power Electronics},
  volume    = {25},
  pages     = {2673--2682},
  year      = {2010}
}

@article{c1_12,
  author    = {P. Pietrzak and M. Wolkiewicz},
  title     = {Comparison of selected methods for the stator winding condition monitoring of a pmsm using the stator phase currents},
  journal   = {Energies},
  volume    = {14},
  pages     = {1630},
  year      = {2021}
}

@article{c1_13,
  author    = {L. Romeral and J. C. Urresty and J. R. Riba Ruiz and A. Garcia Espinosa},
  title     = {Modeling of surface-mounted permanent magnet synchronous motors with stator winding interturn faults},
  journal   = {IEEE Transactions on Industrial Electronics},
  volume    = {58},
  pages     = {1576--1585},
  year      = {2011}
}

@ARTICLE{c1_14,
  author={Dianov, Anton and Tinazzi, Fabio and Calligaro, Sandro and Bolognani, Silverio},
  journal={IEEE Transactions on Power Electronics}, 
  title={Review and Classification of MTPA Control Algorithms for Synchronous Motors}, 
  year={2022},
  volume={37},
  number={4},
  pages={3990-4007},
  keywords={Reluctance motors;Induction motors;Torque;Permanent magnet motors;Traction motors;Rotors;Magnetic flux;Energy efficiency;permanent magnet (PM) motors;synchronous motors;torque control},
  doi={10.1109/TPEL.2021.3123062}}

@article{c1_15,
  title={Generalized Model Predictive Torque Control of Synchronous Machines},
  author={Choi, Kyunghwan and Kim, Jongseok and Park, Ki-Bum},
  journal={Authorea Preprints},
  year={2024},
  publisher={Authorea}
}

@article{c1_16,
  title={Computationally efficient model predictive torque control of permanent magnet synchronous machines using numerical techniques},
  author={Choi, Kyunghwan and Kim, Yonghun and Kim, Seok-Kyoon and Kim, Kyung-Soo},
  journal={IEEE Transactions on Control Systems Technology},
  volume={30},
  number={4},
  pages={1774--1781},
  year={2021},
  publisher={IEEE}
}

@article{c1_17,
  title={Online multiparameter estimation of nonsalient-pole PM synchronous machines with temperature variation tracking},
  author={Liu, Kan and Zhang, Qiao and Chen, Jintao and Zhu, Zi-Qiang and Zhang, Jing},
  journal={IEEE Transactions on Industrial Electronics},
  volume={58},
  number={5},
  pages={1776--1788},
  year={2010},
  publisher={IEEE}
}

@article{c1_18,
  author    = {S. Ruoho and J. Kolehmainen and J. Ikaheimo and A. Arkkio},
  title     = {Interdependence of demagnetization, loading, and temperature rise in a permanent-magnet synchronous motor},
  journal   = {IEEE Transactions on Magnetics},
  volume    = {46},
  number    = {3},
  pages     = {949--953},
  year      = {2010}
}

@article{c1_19,
  author    = {S. J. Underwood and I. Husain},
  title     = {Online Parameter Estimation and Adaptive Control of Permanent-Magnet Synchronous Machines},
  journal   = {IEEE Transactions on Industrial Electronics},
  volume    = {57},
  number    = {7},
  pages     = {2435--2443},
  year      = {2010},
  month     = {Jul.}
}

@article{c1_20,
  author    = {D. Q. Dang and M. S. Rafaq and H. H. Choi and J.-W. Jung},
  title     = {Online Parameter Estimation Technique for Adaptive Control Applications of Interior PM Synchronous Motor Drives},
  journal   = {IEEE Transactions on Industrial Electronics},
  volume    = {63},
  number    = {3},
  pages     = {1438--1449},
  year      = {2016},
  month     = {Mar.}
}

@article{c1_21,
  title={Using the stator current ripple model for real-time estimation of full parameters of a permanent magnet synchronous motor},
  author={Choi, Kyunghwan and Kim, Yonghun and Kim, Kyung-Soo and Kim, Seok-Kyoon},
  journal={IEEE Access},
  volume={7},
  pages={33369--33379},
  year={2019},
  publisher={IEEE}
}

@article{c1_22,
  author    = {K. Liu and Z. Q. Zhu and D. A. Stone},
  title     = {Parameter Estimation for Condition Monitoring of PMSM Stator Winding and Rotor Permanent Magnets},
  journal   = {IEEE Transactions on Industrial Electronics},
  volume    = {60},
  number    = {12},
  pages     = {5902--5913},
  year      = {2013},
  month     = {Dec.}
}

@inproceedings{c1_23,
  author    = {J. Lee and K. Nam and S. Choi and S. Kwon},
  title     = {A lookup table based loss minimizing control for FCEV permanent magnet synchronous motors},
  booktitle = {2007 IEEE Vehicle Power and Propulsion Conference},
  year      = {2007},
  pages     = {175--179},
  publisher = {IEEE}
}

@inproceedings{c1_24,
  title={Sensitivity analysis on electrical parameters for permanent magnet synchronous machine manufacturing tolerances in EV and HEV},
  author={Khreis, Hussein and Deflorio, Andrea and Voelz, Karsten and Schmuelling, Benedikt},
  booktitle={2016 IEEE Transportation Electrification Conference and Expo (ITEC)},
  pages={1--5},
  year={2016},
  organization={IEEE}
}
@article{c1_25,
  title={Identification of machine parameters of a synchronous motor},
  author={Rahman, Khwaja M and Hiti, Silva},
  journal={IEEE Transactions on Industry Applications},
  volume={41},
  number={2},
  pages={557--565},
  year={2005},
  publisher={IEEE}
}

@article{c1_26,
  title={Evaluation of saturation and cross-magnetization effects in interior permanent-magnet synchronous motor},
  author={Stumberger, Bojan and Stumberger, Gorazd and Dolinar, Drago and Hamler, Anton and Trlep, Mladen},
  journal={IEEE Transactions on Industry Applications},
  volume={39},
  number={5},
  pages={1264--1271},
  year={2003},
  publisher={IEEE}
}
%%%%%%%%%% Chapter 2.1
@book{c2.1_1,
  title={Electric motor control: DC, AC, and BLDC motors},
  author={Kim, Sang-Hoon},
  year={2017},
  publisher={Elsevier}
}
@book{c2.1_3,
  title={Non-identifier based adaptive control in mechatronics: Theory and Application},
  author={Hackl, Christoph M},
  volume={466},
  year={2017},
  publisher={Springer}
}

@inproceedings{c2.1_2,
  title={Behavior modeling of permanent magnet synchronous motors using flux linkages for coupling with circuit simulation},
  author={Kaimori, Hiroyuki and Nakao, N and Sakaue, T and Akatsu, K},
  booktitle={2014 International Conference on Electrical Machines (ICEM)},
  pages={2695--2701},
  year={2014},
  organization={IEEE}
}

%%%%%%%%%% Chapter 2.2
@article{c2.2_5,
  title={Continuous voltage vector model-free predictive current control of surface mounted permanent magnet synchronous motor},
  author={Zhou, Yanan and Li, Hongmei and Liu, Rundong and Mao, Jingkui},
  journal={IEEE Transactions on Energy Conversion},
  volume={34},
  number={2},
  pages={899--908},
  year={2018},
  publisher={IEEE}
}

@article{c2.2_6,
  title={FPGA-based continuous control set model predictive current control for PMSM system using multistep error tracking technique},
  author={Wang, Fengxiang and He, Long and Rodriguez, Jose},
  journal={IEEE Transactions on Power Electronics},
  volume={35},
  number={12},
  pages={13455--13464},
  year={2020},
  publisher={IEEE}
}

@article{c2.2_1,
  title={FCS-MPC-based current control of a five-phase induction motor and its comparison with PI-PWM control},
  author={Lim, Chee Shen and Levi, Emil and Jones, Martin and Rahim, Nasrudin Abd and Hew, Wooi Ping},
  journal={IEEE Transactions on Industrial Electronics},
  volume={61},
  number={1},
  pages={149--163},
  year={2013},
  publisher={IEEE}
}

@article{c2.2_2,
  title={Model predictive control: MPC's role in the evolution of power electronics},
  author={Kouro, Samir and Perez, Marcelo A and Rodriguez, Jose and Llor, Ana M and Young, Hector A},
  journal={IEEE industrial electronics magazine},
  volume={9},
  number={4},
  pages={8--21},
  year={2015},
  publisher={IEEE}
}

@book{c2.2_3,
  title={Predictive control of power converters and electrical drives},
  author={Rodriguez, Jose and Cortes, Patricio},
  year={2012},
  publisher={John Wiley \& Sons}
}

@ARTICLE{c2.2_4,
  author={Li, Teng and Sun, Xiaodong and Lei, Gang and Guo, Youguang and Yang, Zebin and Zhu, Jianguo},
  journal={IEEE/CAA Journal of Automatica Sinica}, 
  title={Finite-Control-Set Model Predictive Control of Permanent Magnet Synchronous Motor Drive Systemsâ€”An Overview}, 
  year={2022},
  volume={9},
  number={12},
  pages={2087-2105},
  keywords={Predictive models;Control systems;Predictive control;Switches;Computational modeling;Switching frequency;Permanent magnet motors;Computational burden;finite control set (FCS);model predictive control (MPC);permanent magnet synchronous motor (PMSM);robust operation;switching frequency},
  doi={10.1109/JAS.2022.105851}}
Sure, here are the references formatted in BibTeX:

```bibtex
@article{k1,
  author    = {Bojan Stumberger and others},
  title     = {Evaluation of saturation and cross-magnetization effects in interior permanent-magnet synchronous motor},
  journal   = {IEEE Transactions on Industry Applications},
  volume    = {39},
  number    = {5},
  pages     = {1264--1271},
  year      = {2003},
}

@article{k2,
  author    = {Sami Ruoho and others},
  title     = {Interdependence of demagnetization, loading, and temperature rise in a permanent-magnet synchronous motor},
  journal   = {IEEE Transactions on magnetics},
  volume    = {46},
  number    = {3},
  pages     = {949--953},
  year      = {2009},
}
```

If you need any further assistance, please let me know!
%%%%% Section 2.3
%% current injection ë°©ë²• ì¶”ê°€
@ARTICLE{c2.3_3,
  author={Liu, Kan and Feng, Jianghua and Guo, Shuying and Xiao, Lei and Zhu, Zi-Qiang},
  journal={IEEE Transactions on Industrial Informatics}, 
  title={Identification of Flux Linkage Map of Permanent Magnet Synchronous Machines Under Uncertain Circuit Resistance and Inverter Nonlinearity}, 
  year={2018},
  volume={14},
  number={2},
  pages={556-568},
  keywords={Couplings;Inverters;Resistance;Voltage measurement;Mathematical model;Load modeling;Rotors;Flux linkage;inverter nonlinearity;parameter identification;permanent magnet (PM) flux linkage;permanent magnet synchronous machine (PMSM);voltage source inverter},
  doi={10.1109/TII.2017.2722470}}

@article{c2.3_4,
  title={Design of frequency-adaptive flux observer in PMSM drives robust to discretization error},
  author={Yoo, Jiwon and Kim, Hyeon-Sik and Sul, Seung-Ki},
  journal={IEEE Transactions on Industrial Electronics},
  volume={69},
  number={4},
  pages={3334--3344},
  year={2021},
  publisher={IEEE}
}

@article{c2.3_5,
  title={Distortion-minimizing flux observer for IPMSM based on frequency-adaptive observers},
  author={Kim, Hyeon-Sik and Sul, Seung-Ki and Yoo, Hyunjae and Oh, Jaeyoon},
  journal={IEEE Transactions on Power Electronics},
  volume={35},
  number={2},
  pages={2077--2087},
  year={2019},
  publisher={IEEE}
}

@INPROCEEDINGS{c2.3_6,
  author={Yoo, Jiwon and Hwang, Inhwi and Lee, Yoon-Ro and Sul, Seung-Ki},
  booktitle={2021 IEEE Energy Conversion Congress and Exposition (ECCE)}, 
  title={Gain Scheduling of Full-Order Flux Observer for Sensorless PMSM Drives Considering Magnetic Spatial Harmonics}, 
  year={2021},
  volume={},
  number={},
  pages={4769-4774},
  keywords={Magnetic flux;Torque;Magnetic separation;Estimation;Observers;Harmonic analysis;Stability analysis;Gain scheduling;permanent magnet synchronous motor;sensorless control;spatial harmonics},
  doi={10.1109/ECCE47101.2021.9595161}}

@INPROCEEDINGS{c2.3_1,
  author={Jeong, Y. and Sul, S.},
  booktitle={2005 IEEE 36th Power Electronics Specialists Conference}, 
  title={Adaptive Flux Observer with On-line Inductance Estimation of an IPMSM Considering Magnetic Saturation}, 
  year={2005},
  volume={},
  number={},
  pages={2467-2473},
  keywords={Inductance;Magnetic flux;Saturation magnetization;Stators;Couplings;Synchronous machines;Estimation error;Algorithm design and analysis;Stability analysis;Adaptive algorithm},
  doi={10.1109/PESC.2005.1581979}}

@ARTICLE{c2.3_2,
  author={Rahman, K.M. and Hiti, S.},
  journal={IEEE Transactions on Industry Applications}, 
  title={Identification of machine parameters of a synchronous motor}, 
  year={2005},
  volume={41},
  number={2},
  pages={557-565},
  keywords={Synchronous motors;Parameter estimation;Power system harmonics;Synchronous machines;Time domain analysis;Voltage;Couplings;Frequency estimation;Industry Applications Society;Wounds;Parameter identification;synchronous machine},
  doi={10.1109/TIA.2005.844379}}

@inproceedings{c2.3_7,
  title={Modified integrator for voltage model flux estimation of induction motors},
  author={Hinkkanen, Marko and Luomi, Jorma},
  booktitle={IECON'01. 27th Annual Conference of the IEEE Industrial Electronics Society (Cat. No. 37243)},
  volume={2},
  pages={1339--1343},
  year={2001},
  organization={IEEE}
}

@article{c2.3_8,
  title={A programmable cascaded low-pass filter-based flux synthesis for a stator flux-oriented vector-controlled induction motor drive},
  author={Bose, Bimal K and Patel, Nitin R},
  journal={IEEE Transactions on Industrial electronics},
  volume={44},
  number={1},
  pages={140--143},
  year={1997},
  publisher={IEEE}
}

@article{c2.3_9,
  title={A novel flux estimator based on multiple second-order generalized integrators and frequency-locked loop for induction motor drives},
  author={Zhao, Rende and Xin, Zhen and Loh, Poh Chiang and Blaabjerg, Frede},
  journal={IEEE Transactions on Power Electronics},
  volume={32},
  number={8},
  pages={6286--6296},
  year={2016},
  publisher={IEEE}
}
@inproceedings{c2.3_10,
  title={Modified integrator for voltage model flux estimation of induction motors},
  author={Hinkkanen, Marko and Luomi, Jorma},
  booktitle={IECON'01. 27th Annual Conference of the IEEE Industrial Electronics Society (Cat. No. 37243)},
  volume={2},
  pages={1339--1343},
  year={2001},
  organization={IEEE}
}

@article{c2.3_11,
  title={Low-sampling-frequency stator flux linkage observer for interior permanent-magnet synchronous machines},
  author={Xu, Wei and Lorenz, Robert D},
  journal={IEEE Transactions on Industry Applications},
  volume={51},
  number={5},
  pages={3932--3942},
  year={2015},
  publisher={IEEE}
}

@inproceedings{c2.3_12,
  title={Improved Flux Observer Based on Voltage-Current Hybrid Model for PMSM},
  author={Liu, Weijian and Lu, Xiao and Sun, Qiaoqiao},
  booktitle={2023 2nd Conference on Fully Actuated System Theory and Applications (CFASTA)},
  pages={894--899},
  year={2023},
  organization={IEEE}
}

@article{c2.3_13,
  title={Robustness analysis of deadbeat-direct torque and flux control for IPMSM drives},
  author={Lee, Jae Suk and Lorenz, Robert D},
  journal={IEEE Transactions on Industrial Electronics},
  volume={63},
  number={5},
  pages={2775--2784},
  year={2016},
  publisher={IEEE}
}

@inproceedings{c2.3_14,
  title={Torque Error Compensation Algorithm for IPMSM Drives Using a Gopinath Style Stator Flux Linkage Observer},
  author={Choi, Sungmin and Baek, Seunghun and Lee, Jae Suk},
  booktitle={2019 International Symposium on Electrical and Electronics Engineering (ISEE)},
  pages={314--317},
  year={2019},
  organization={IEEE}
}

@article{c2.3_15,
  title={Design of flux observer robust to interior permanent-magnet synchronous motor flux variation},
  author={Yoo, Anno and Sul, Seung-Ki},
  journal={IEEE Transactions on Industry Applications},
  volume={45},
  number={5},
  pages={1670--1677},
  year={2009},
  publisher={IEEE}
}

%%%%%%%%%%%%%%%%%% Chapter 3
%%%%% Chapter 3.1
@article{c3.1_1,
  title={Extended State Observer Based Stator Flux Linkage Estimation of Nonlinear Synchronous Machines},
  author={Jang, Seunghun and Pfeifer, Bernd and Hackl, Christoph M and Choi, Kyunghwan},
  journal={Authorea Preprints},
  year={2024},
  publisher={Authorea}
}

%%%%% Chapter 3.2
@inproceedings{c3.2_1,
  title={Stator Flux Linkage Estimation of Synchronous Machines Based on Integration Error Estimation for Improved Transient Performance},
  author={Jang, Seunghoon and Choi, Kyunghwan},
  booktitle={2023 62nd IEEE Conference on Decision and Control (CDC)},
  pages={4197--4202},
  year={2023},
  organization={IEEE}
}
@book{c3.2_7,
  title={Control of electric machine drive systems},
  author={Sul, Seung-Ki},
  year={2011},
  publisher={John Wiley \& Sons}
}
@article{c3.2_2,
  title={Eigenstructure assignment for linear systems},
  author={Andry, Albert N and Shapiro, Eliezer Y and Chung, JC},
  journal={IEEE transactions on aerospace and electronic systems},
  number={5},
  pages={711--729},
  year={1983},
  publisher={IEEE}
}

@article{c3.2_3,
  title={Robust pole assignment in linear state feedback},
  author={Kautsky, Jaroslav and Nichols, Nancy K and Van Dooren, Paul},
  journal={International Journal of control},
  volume={41},
  number={5},
  pages={1129--1155},
  year={1985},
  publisher={Taylor \& Francis}
}

@book{c3.2_4,
  title={Robust adaptive control},
  author={Ioannou, Petros A and Sun, Jing},
  year={2012},
  publisher={Courier Corporation}
}

@article{c3.2_5,
  title={Adaptive observer for multiple-input-multiple-output (MIMO) linear time-varying systems},
  author={Zhang, Qinghua},
  journal={IEEE transactions on automatic control},
  volume={47},
  number={3},
  pages={525--529},
  year={2002},
  publisher={IEEE}
}

@phdthesis{c3.2_6,
  title={Adaptive observer for MIMO linear time varying systems},
  author={Zhang, Qinghua},
  year={2001},
  school={INRIA}
}